@article{carroll_artifact2013,
author = {Carroll, John M. and Borge, Marcela and Shih, SI},
file = {:Users/dong/Library/Application Support/Mendeley Desktop/Downloaded/Carroll, Borge, Shih - 2013 - Cognitive artifacts as a window on design.pdf:pdf},
journal = {Journal of Visual Languages {\&} Computing},
keywords = {design of interactive systems,information analysis,information artifacts},
mendeley-groups = {Working papers/CAnalytics,proposal/technology,John Carroll,Awareness/collaboration/CIA,proposal/collaboration task,Working papers/CSCW DC'15},
number = {4},
pages = {248--261},
title = {{Cognitive artifacts as a window on design}},
url = {http://www.sciencedirect.com/science/article/pii/S1045926X13000207},
volume = {24},
year = {2013}
}
@inproceedings{Borge2012,
address = {New York, New York, USA},
author = {Borge, Marcela and Ganoe, Craig H. and Shih, Shin-I and Carroll, John M.},
booktitle = {Proceedings of the ACM 2012 conference on Computer Supported Cooperative Work - CSCW '12},
doi = {10.1145/2145204.2145369},
file = {:Users/dong/Library/Application Support/Mendeley Desktop/Downloaded/Borge et al. - 2012 - Patterns of team processes and breakdowns in information analysis tasks.pdf:pdf},
isbn = {9781450310864},
mendeley-groups = {Working papers/CAnalytics,John Carroll,Awareness/collaboration/CIA,proposal/collaboration task},
pages = {1105--1114},
publisher = {ACM Press},
title = {{Patterns of team processes and breakdowns in information analysis tasks}},
url = {http://dl.acm.org/citation.cfm?doid=2145204.2145369},
year = {2012}
}
