Automatically generated by Mendeley Desktop 1.17.6
Any changes to this file will be lost if it is regenerated by Mendeley.

BibTeX export options can be customized via Preferences -> BibTeX in Mendeley Desktop

@article{Robinson2007c,
author = {Robinson, Anthony C.},
doi = {10.1057/palgrave.ivs.9500155.A},
file = {:Users/dong/Documents/Mendeley/Robinson - 2007 - A design framework for exploratory geovisualization in epidemiology.pdf:pdf},
journal = {Information visualization},
keywords = {epidemiology,geovisualization,user-centered design},
number = {3},
pages = {197--214},
title = {{A design framework for exploratory geovisualization in epidemiology}},
url = {http://ivi.sagepub.com/content/6/3/197.short},
volume = {6},
year = {2007}
}
@article{North2011c,
author = {North, C. and Saraiya, P. and Duca, K.},
doi = {10.1177/1473871611415989},
file = {:Users/dong/Documents/Mendeley/North, Saraiya, Duca - 2011 - A comparison of benchmark task and insight evaluation methods for information visualization.pdf:pdf},
isbn = {1473871611},
issn = {1473-8716},
journal = {Information Visualization},
keywords = {benchmark tasks,empirical evaluation,graph visualization,insight,time series data analysis},
month = {aug},
number = {3},
pages = {162--181},
title = {{A comparison of benchmark task and insight evaluation methods for information visualization}},
url = {http://ivi.sagepub.com/lookup/doi/10.1177/1473871611415989},
volume = {10},
year = {2011}
}
