Automatically generated by Mendeley Desktop 1.17.8
Any changes to this file will be lost if it is regenerated by Mendeley.

BibTeX export options can be customized via Preferences -> BibTeX in Mendeley Desktop

@article{Galton2009a,
author = {Galton, Antony},
doi = {10.1007/s12145-009-0027-6},
file = {:Users/dong/Documents/Mendeley/Galton - 2009 - Spatial and temporal knowledge representation.pdf:pdf},
isbn = {1214500900},
issn = {1865-0473},
journal = {Earth Science Informatics},
keywords = {knowledge representation,spatial kr},
month = {may},
number = {3},
pages = {169--187},
title = {{Spatial and temporal knowledge representation}},
url = {http://www.springerlink.com/index/10.1007/s12145-009-0027-6},
volume = {2},
year = {2009}
}
