Automatically generated by Mendeley Desktop 1.17.6
Any changes to this file will be lost if it is regenerated by Mendeley.

BibTeX export options can be customized via Preferences -> BibTeX in Mendeley Desktop

@article{Kling2007c,
author = {Kling, Rob},
doi = {10.1080/01972240701441556},
file = {:Users/dong/Documents/Mendeley/Kling - 2007 - What Is Social Informatics and Why Does It Matter.pdf:pdf},
issn = {0197-2243},
journal = {The Information Society},
month = {jun},
number = {4},
pages = {205--220},
title = {{What Is Social Informatics and Why Does It Matter?}},
url = {http://www.tandfonline.com/doi/abs/10.1080/01972240701441556},
volume = {23},
year = {2007}
}
@article{Stillman2009c,
author = {Stillman, Larry and Linger, Henry},
doi = {10.1080/01972240903028706},
file = {:Users/dong/Documents/Mendeley/Stillman, Linger - 2009 - Community Informatics and Information Systems Can They Be Better Connected.pdf:pdf},
issn = {0197-2243},
journal = {The Information Society},
keywords = {community informatics},
month = {jul},
number = {4},
pages = {255--264},
title = {{Community Informatics and Information Systems: Can They Be Better Connected?}},
url = {http://www.tandfonline.com/doi/abs/10.1080/01972240903028706},
volume = {25},
year = {2009}
}
@article{Maitland2009c,
author = {Maitland, Carleen F. and van Gorp, Annemijn},
doi = {10.1080/01972240802587547},
file = {:Users/dong/Documents/Mendeley/Maitland, van Gorp - 2009 - Beyond Harmonization ICT Policymaking in Regional Economic Communities.pdf:pdf},
issn = {0197-2243},
journal = {The Information Society},
keywords = {complex adaptive systems,in the multilevel and,international system of policy-,policy harmonization,regional economic communities,regional integration},
month = {jan},
number = {1},
pages = {23--37},
title = {{Beyond Harmonization: ICT Policymaking in Regional Economic Communities}},
url = {http://www.tandfonline.com/doi/abs/10.1080/01972240802587547},
volume = {25},
year = {2009}
}
