Automatically generated by Mendeley Desktop 1.17.8
Any changes to this file will be lost if it is regenerated by Mendeley.

BibTeX export options can be customized via Preferences -> BibTeX in Mendeley Desktop

@article{Fischer1992c,
author = {Fischer, Gerhard and Reeves, Brent},
doi = {10.1007/BF00122020},
file = {:Users/dong/Documents/Mendeley/Fischer, Reeves - 1992 - Beyond intelligent interfaces Exploring, analyzing, and creating success models of cooperative problem solving.pdf:pdf},
issn = {0924-669X},
journal = {Applied Intelligence},
keywords = {cooperative problem solving,empirical studies,faces,functionality systems,high-,integrating problem setting and,intelligent inter-,knowledge-based systems,problem solving,shared understanding,success model},
month = {may},
number = {4},
pages = {311--332},
title = {{Beyond intelligent interfaces: Exploring, analyzing, and creating success models of cooperative problem solving}},
url = {http://link.springer.com/10.1007/BF00122020},
volume = {1},
year = {1992}
}
@article{Burstein2000c,
author = {Burstein, M. and Ferguson, G. and Allen, J.},
doi = {10.1109/ICMAS.2000.858489},
file = {:Users/dong/Documents/Mendeley/Burstein, Ferguson, Allen - 2000 - Integrating agent-based mixed-initiative control with an existing multi-agent planning system.pdf:pdf},
isbn = {0-7695-0625-9},
journal = {Proceedings Fourth International Conference on MultiAgent Systems},
pages = {389--390},
publisher = {IEEE Comput. Soc},
title = {{Integrating agent-based mixed-initiative control with an existing multi-agent planning system}},
url = {http://ieeexplore.ieee.org/lpdocs/epic03/wrapper.htm?arnumber=858489},
year = {2000}
}
@article{Allen1999,
author = {Allen, J E and Guinn, C I and Horvtz, E},
file = {:Users/dong/Documents/Mendeley/Allen, Guinn, Horvtz - 1999 - Mixed-initiative interaction.pdf:pdf},
journal = {IEEE Intelligent Systems},
number = {5},
pages = {14--23},
title = {{Mixed-initiative interaction}},
url = {c:{\%}5CLiterature{\%}5CIEEE-intelligent-system{\%}5C1999-mixed-initiative-interactions.pdf},
volume = {14},
year = {1999}
}
