Automatically generated by Mendeley Desktop 1.17.8
Any changes to this file will be lost if it is regenerated by Mendeley.

BibTeX export options can be customized via Preferences -> BibTeX in Mendeley Desktop

@article{McKenna1998b,
author = {McKenna, Katelyn Y. A. and Bargh, John A.},
journal = {Journal of Personality and Social Psychology},
number = {3},
pages = {681--694},
title = {{Coming out in the age of the Internet: Identity "demarginalization" through virtual group participation}},
volume = {75},
year = {1998}
}
@article{Lange2007b,
author = {Lange, Patricia G.},
doi = {10.1111/j.1083-6101.2007.00400.x},
file = {:Users/dong/Documents/Mendeley/Lange - 2007 - Publicly Private and Privately Public Social Networking on YouTube.pdf:pdf},
issn = {10836101},
journal = {Journal of Computer-Mediated Communication},
month = {oct},
number = {1},
pages = {361--380},
title = {{Publicly Private and Privately Public: Social Networking on YouTube}},
url = {http://doi.wiley.com/10.1111/j.1083-6101.2007.00400.x},
volume = {13},
year = {2007}
}
@article{Blanchard:2004:ESV:968464.968470,
address = {New York, NY, USA},
author = {Blanchard, Anita L and Markus, M Lynne},
doi = {10.1145/968464.968470},
issn = {0095-0033},
journal = {SIGMIS Database},
keywords = {electronic commerce,sense of community,sense of virtual community,virtual communities},
month = {feb},
number = {1},
pages = {64--79},
publisher = {ACM},
title = {{The Experienced "Sense" of a Virtual Community: Characteristics and Processes}},
url = {http://doi.acm.org/10.1145/968464.968470},
volume = {35},
year = {2004}
}
@inproceedings{Karnik2013b,
address = {New York, New York, USA},
author = {Karnik, Mayur and Oakley, Ian and Venkatanathan, Jayant and Spiliotopoulos, Tasos and Nisi, Valentina},
booktitle = {Proceedings of the 2013 conference on Computer supported cooperative work - CSCW '13},
doi = {10.1145/2441776.2441868},
file = {:Users/dong/Documents/Mendeley/Karnik et al. - 2013 - Uses {\&} gratifications of a facebook media sharing group.pdf:pdf},
isbn = {9781450313315},
keywords = {Groups,Music,Social Media,Uses {\&} Gratifications},
pages = {821},
publisher = {ACM Press},
title = {{Uses {\&} gratifications of a facebook media sharing group}},
url = {http://dl.acm.org/citation.cfm?doid=2441776.2441868},
year = {2013}
}
@article{Thelwall2012b,
author = {Thelwall, Mike and Sud, Pardeep and Vis, Farida},
doi = {10.1002/asi.21679},
file = {:Users/dong/Documents/Mendeley/Thelwall, Sud, Vis - 2012 - Commenting on YouTube videos From guatemalan rock to El Big Bang.pdf:pdf},
issn = {1532-2890},
journal = {Journal of the American Society for Information Science and Technology},
number = {3},
pages = {616--629},
publisher = {Wiley Subscription Services, Inc., A Wiley Company},
title = {{Commenting on YouTube videos: From guatemalan rock to El Big Bang}},
url = {http://dx.doi.org/10.1002/asi.21679},
volume = {63},
year = {2012}
}
@article{Dwyer2011b,
author = {Dwyer, Catherine},
file = {:Users/dong/Documents/Mendeley/Dwyer - 2011 - Privacy in the age of Google and Facebook.pdf:pdf},
journal = {Technology and Society Magazine, IEEE},
number = {September},
pages = {58--63},
title = {{Privacy in the age of Google and Facebook}},
url = {http://ieeexplore.ieee.org/xpls/abs{\_}all.jsp?arnumber=6017276},
year = {2011}
}
@article{diener1980deindividuation,
author = {Diener, Ed and Lusk, Rob and DeFour, Darlene and Flax, Robert},
journal = {Journal of Personality and Social Psychology},
number = {3},
pages = {449},
publisher = {American Psychological Association},
title = {{Deindividuation: Effects of group size, density, number of observers, and group member similarity on self-consciousness and disinhibited behavior.}},
volume = {39},
year = {1980}
}
@article{Christopherson2007e,
author = {Christopherson, Kimberly M.},
doi = {10.1016/j.chb.2006.09.001},
file = {:Users/dong/Documents/Mendeley//Christopherson - 2007 - The positive and negative implications of anonymity in Internet social interactions “On the Internet, Nobo.pdf:pdf},
issn = {07475632},
journal = {Computers in Human Behavior},
keywords = {adaptive structuration theory,anonymity,computer mediated communication,deindividuation theory,equalization hypothesis,estimated that 400 million,in 2000,internet has increased dramatically,it was,markey,over the past decade,people had access to,privacy,side theory,the internet,the use of the,wells},
month = {nov},
number = {6},
pages = {3038--3056},
title = {{The positive and negative implications of anonymity in Internet social interactions: “On the Internet, Nobody Knows You're a Dog”}},
url = {http://linkinghub.elsevier.com/retrieve/pii/S0747563206001221},
volume = {23},
year = {2007}
}
@article{katz1973uses,
author = {Katz, Elihu and Blumler, Jay G and Gurevitch, Michael},
journal = {Public opinion quarterly},
pages = {509--523},
publisher = {JSTOR},
title = {{Uses and gratifications research}},
year = {1973}
}
@article{ruggiero2000uses,
author = {Ruggiero, Thomas E},
journal = {Mass communication {\&} society},
number = {1},
pages = {3--37},
publisher = {Taylor {\&} Francis},
title = {{Uses and gratifications theory in the 21st century}},
volume = {3},
year = {2000}
}
@article{Smock2011b,
author = {Smock, Andrew D. and Ellison, Nicole B. and Lampe, Cliff and Wohn, Donghee Yvette},
doi = {10.1016/j.chb.2011.07.011},
file = {:Users/dong/Documents/Mendeley/Smock et al. - 2011 - Facebook as a toolkit A uses and gratification approach to unbundling feature use.pdf:pdf},
issn = {07475632},
journal = {Computers in Human Behavior},
keywords = {social network sites,uses and gratifications},
month = {nov},
number = {6},
pages = {2322--2329},
publisher = {Elsevier Ltd},
title = {{Facebook as a toolkit: A uses and gratification approach to unbundling feature use}},
url = {http://linkinghub.elsevier.com/retrieve/pii/S074756321100149X},
volume = {27},
year = {2011}
}
@article{o1994advertising,
author = {O'Donohoe, Stephanie},
journal = {European Journal of Marketing},
number = {8/9},
pages = {52--75},
publisher = {MCB UP Ltd},
title = {{Advertising uses and gratifications}},
volume = {28},
year = {1994}
}
@article{katz1973use,
author = {Katz, Elihu and Haas, Hadassah and Gurevitch, Michael},
journal = {American sociological review},
pages = {164--181},
publisher = {JSTOR},
title = {{On the use of the mass media for important things}},
year = {1973}
}
@article{hanson2008youtube,
author = {Hanson, Gary and Haridakis, Paul},
journal = {Journal of Electronic Publishing},
number = {3},
publisher = {MPublishing, University of Michigan Library},
title = {{YouTube users watching and sharing the news: A uses and gratifications approach}},
volume = {11},
year = {2008}
}
@inproceedings{Joinson2008b,
author = {Joinson, AN},
booktitle = {Proceedings of the SIGCHI Conference on Human Factors in Computing Systems},
file = {:Users/dong/Documents/Mendeley/Joinson - 2008 - Looking at, looking up or keeping up with people motives and use of facebook.pdf:pdf},
isbn = {9781605580111},
pages = {1027--1036},
title = {{Looking at, looking up or keeping up with people?: motives and use of facebook}},
url = {http://dl.acm.org/citation.cfm?id=1357213},
year = {2008}
}
@inproceedings{Lampe2010b,
address = {New York, New York, USA},
author = {Lampe, Cliff and Wash, Rick and Velasquez, Alcides and Ozkaya, Elif},
booktitle = {Proceedings of the 28th international conference on Human factors in computing systems - CHI '10},
doi = {10.1145/1753326.1753616},
file = {:Users/dong/Documents/Mendeley/Lampe et al. - 2010 - Motivations to participate in online communities.pdf:pdf},
isbn = {9781605589299},
pages = {1927--1936},
publisher = {ACM Press},
title = {{Motivations to participate in online communities}},
url = {http://portal.acm.org/citation.cfm?doid=1753326.1753616},
year = {2010}
}
@inproceedings{Halvey2007b,
address = {New York, New York, USA},
author = {Halvey, Martin J. and Keane, Mark T.},
booktitle = {Proceedings of the 16th international conference on World Wide Web - WWW '07},
doi = {10.1145/1242572.1242804},
file = {:Users/dong/Documents/Mendeley/Halvey, Keane - 2007 - Exploring social dynamics in online media sharing.pdf:pdf},
isbn = {9781595936547},
pages = {1273},
publisher = {ACM Press},
title = {{Exploring social dynamics in online media sharing}},
url = {http://portal.acm.org/citation.cfm?doid=1242572.1242804},
year = {2007}
}
@inproceedings{Faridani2010b,
author = {Faridani, S and Bitton, E and Ryokai, K and Goldberg, K},
booktitle = {Proceedings of the SIGCHI conference on Human Factors in Computing Systems},
file = {:Users/dong/Documents/Mendeley/Faridani et al. - 2010 - Opinion space a scalable tool for browsing online comments.pdf:pdf},
isbn = {9781605589299},
pages = {1175--1184},
title = {{Opinion space: a scalable tool for browsing online comments}},
url = {http://dl.acm.org/citation.cfm?id=1753502},
year = {2010}
}
@article{Walther2010b,
author = {Walther, Joseph B and DeAndrea, David and Kim, Jinsuk and Anthony, James C},
doi = {10.1111/j.1468-2958.2010.01384.x},
issn = {1468-2958},
journal = {Human Communication Research},
number = {4},
pages = {469--492},
publisher = {Blackwell Publishing Ltd},
title = {{The Influence of Online Comments on Perceptions of Antimarijuana Public Service Announcements on YouTube}},
url = {http://dx.doi.org/10.1111/j.1468-2958.2010.01384.x},
volume = {36},
year = {2010}
}
@article{Haridakis2009b,
author = {Haridakis, Paul and Hanson, Gary},
doi = {10.1080/08838150902908270},
file = {:Users/dong/Documents/Mendeley/Haridakis, Hanson - 2009 - Social Interaction and Co-Viewing With YouTube Blending Mass Communication Reception and Social Connection.pdf:pdf},
issn = {0883-8151},
journal = {Journal of Broadcasting {\&} Electronic Media},
month = {may},
number = {2},
pages = {317--335},
title = {{Social Interaction and Co-Viewing With YouTube: Blending Mass Communication Reception and Social Connection}},
url = {http://www.tandfonline.com/doi/abs/10.1080/08838150902908270},
volume = {53},
year = {2009}
}
@article{Shao2009b,
author = {Shao, Guosong},
doi = {10.1108/10662240910927795},
file = {:Users/dong/Documents/Mendeley/Shao - 2009 - Understanding the appeal of user-generated media a uses and gratification perspective.pdf:pdf},
issn = {1066-2243},
journal = {Internet Research},
keywords = {customer satisfaction,electronic media,internet,paper type general review,user studies},
number = {1},
pages = {7--25},
title = {{Understanding the appeal of user-generated media: a uses and gratification perspective}},
url = {http://www.emeraldinsight.com/10.1108/10662240910927795},
volume = {19},
year = {2009}
}
@inproceedings{Marshall2011c,
author = {Marshall, CC and Shipman, FM},
booktitle = {Proceedings of the SIGCHI Conference on {\ldots}},
file = {:Users/dong/Documents/Mendeley/Marshall, Shipman - 2011 - Social media ownership using twitter as a window onto current attitudes and beliefs.pdf:pdf},
isbn = {9781450302678},
pages = {1081--1090},
title = {{Social media ownership: using twitter as a window onto current attitudes and beliefs}},
url = {http://dl.acm.org/citation.cfm?id=1979103},
year = {2011}
}
