Automatically generated by Mendeley Desktop 1.17.6
Any changes to this file will be lost if it is regenerated by Mendeley.

BibTeX export options can be customized via Preferences -> BibTeX in Mendeley Desktop

@article{Al-Kodmany1999b,
author = {Al-Kodmany, K},
doi = {10.1016/S0169-2046(99)00024-9},
file = {:Users/dong/Documents/Mendeley/Al-Kodmany - 1999 - Using visualization techniques for enhancing public participation in planning and design process, implementation, an.pdf:pdf},
issn = {01692046},
journal = {Landscape and Urban Planning},
keywords = {artist,gis,photo-manipulation},
month = {sep},
number = {1},
pages = {37--45},
title = {{Using visualization techniques for enhancing public participation in planning and design: process, implementation, and evaluation}},
url = {http://linkinghub.elsevier.com/retrieve/pii/S0169204699000249},
volume = {45},
year = {1999}
}
@article{Klein2012b,
author = {Klein, Mark},
doi = {10.1007/s10606-012-9156-4},
file = {:Users/dong/Documents/Mendeley/Klein - 2012 - Enabling Large-Scale Deliberation Using Attention-Mediation Metrics.pdf:pdf},
issn = {0925-9724},
journal = {Computer Supported Cooperative Work (CSCW)},
keywords = {1,2,and,argumentation,best meet,deliberation,from this space that,identify possible,let us de fi,metrics,ne deliberation as a,process where communities,review of existing deliberation,s,select the solution,solutions for a problem,technologies},
month = {mar},
number = {4-5},
pages = {449--473},
title = {{Enabling Large-Scale Deliberation Using Attention-Mediation Metrics}},
url = {http://link.springer.com/10.1007/s10606-012-9156-4},
volume = {21},
year = {2012}
}
