Automatically generated by Mendeley Desktop 1.17.6
Any changes to this file will be lost if it is regenerated by Mendeley.

BibTeX export options can be customized via Preferences -> BibTeX in Mendeley Desktop

@article{Yom-Tov2013b,
author = {Yom-Tov, E. and Dumais, S. and Guo, Q.},
doi = {10.1177/0894439313506838},
file = {:Users/dong/Documents/Mendeley/Yom-Tov, Dumais, Guo - 2013 - Promoting Civil Discourse Through Search Engine Diversity.pdf:pdf},
issn = {0894-4393},
journal = {Social Science Computer Review},
month = {nov},
title = {{Promoting Civil Discourse Through Search Engine Diversity}},
url = {http://ssc.sagepub.com/cgi/doi/10.1177/0894439313506838},
year = {2013}
}
