Automatically generated by Mendeley Desktop 1.17.8
Any changes to this file will be lost if it is regenerated by Mendeley.

BibTeX export options can be customized via Preferences -> BibTeX in Mendeley Desktop

@article{Maldonado2009c,
author = {Maldonado, Edgar a. and Maitland, Carleen F. and Tapia, Andrea H.},
doi = {10.1007/s10796-009-9166-z},
file = {:Users/dong/Documents/Mendeley/Maldonado, Maitland, Tapia - 2009 - Collaborative systems development in disaster relief The impact of multi-level governance.pdf:pdf},
issn = {1387-3326},
journal = {Information Systems Frontiers},
keywords = {humanitarian relief,multi-level governance},
month = {mar},
number = {1},
pages = {9--27},
title = {{Collaborative systems development in disaster relief: The impact of multi-level governance}},
url = {http://www.springerlink.com/index/10.1007/s10796-009-9166-z},
volume = {12},
year = {2009}
}
@article{Aissi2012e,
author = {Aissi, Saida and Gouider, MS},
file = {:Users/dong/Documents/Mendeley/Aissi, Gouider - 2012 - Personalization in Geographic information systems A survey.pdf:pdf},
journal = {International Journal of Computer Science Issues},
keywords = {gis,personalization,profile,recommendation},
number = {4},
pages = {291--298},
title = {{Personalization in Geographic information systems: A survey}},
url = {http://arxiv.org/abs/1208.0153},
volume = {9},
year = {2012}
}
@article{Maitland2012c,
annote = {problem: Internet censorship challenges the Internet's use as a medium for protecting human rights, and limits human rights organizations. Human rights organizations may find circumvention technologies in response, but under the burden of financial constraints
        
Contribution: First effort to investigate the factors influencing human rights organizations' use of censorship circumvention technologies},
author = {Maitland, Carleen F and Thomas, Herschel F and Tchouakeu, Louis-Marie Ngamassi},
doi = {10.1057/jit.2012.20},
file = {:Users/dong/Documents/Mendeley/Maitland, Thomas, Tchouakeu - 2012 - Internet censorship circumvention technology use in human rights organizations an exploratory analy.pdf:pdf},
issn = {0268-3962},
journal = {Journal of Information Technology},
keywords = {censorship circumvention technologies,human rights organizations,internet censorship},
month = {oct},
pages = {1--17},
title = {{Internet censorship circumvention technology use in human rights organizations: an exploratory analysis}},
url = {http://www.palgrave-journals.com/doifinder/10.1057/jit.2012.20},
year = {2012}
}
