Automatically generated by Mendeley Desktop 1.17.6
Any changes to this file will be lost if it is regenerated by Mendeley.

BibTeX export options can be customized via Preferences -> BibTeX in Mendeley Desktop

@inproceedings{Mao2011c,
address = {New York, NY, USA},
author = {Mao, Huina and Shuai, Xin and Kapadia, Apu},
booktitle = {Proceedings of the 10th annual ACM workshop on Privacy in the electronic society},
doi = {10.1145/2046556.2046558},
file = {:Users/dong/Documents/Mendeley/Mao, Shuai, Kapadia - 2011 - Loose Tweets An Analysis of Privacy Leaks on Twitter.pdf:pdf},
isbn = {9781450310024},
keywords = {leaks,privacy,social networks,twitter},
pages = {1--11},
title = {{Loose Tweets : An Analysis of Privacy Leaks on Twitter}},
url = {http://dl.acm.org/citation.cfm?id=2046558},
year = {2011}
}
@inproceedings{Wakamiya2012c,
address = {New York, NY, USA},
author = {Wakamiya, Shoko and Lee, Ryong and Sumiya, Kazutoshi},
booktitle = {Proceedings of the 6th International Conference on Ubiquitous Information Management and Communication},
doi = {10.1145/2184751.2184784},
file = {:Users/dong/Documents/Mendeley/Wakamiya, Lee, Sumiya - 2012 - Crowd-sourced Urban Life Monitoring Urban Area Characterization based Crowd Behavioral Patterns from Twi.pdf:pdf},
isbn = {9781450311724},
keywords = {crowd behavior,location-based so-,urban life monitoring},
title = {{Crowd-sourced Urban Life Monitoring : Urban Area Characterization based Crowd Behavioral Patterns from Twitter}},
url = {http://dl.acm.org/citation.cfm?id=2184784},
year = {2012}
}
