Automatically generated by Mendeley Desktop 1.17.6
Any changes to this file will be lost if it is regenerated by Mendeley.

BibTeX export options can be customized via Preferences -> BibTeX in Mendeley Desktop

@misc{Perer2009c,
author = {Perer, A and Shneiderman, B},
booktitle = {Computer Graphics and Applications, IEEE},
doi = {10.1109/MCG.2009.44},
file = {:Users/dong/Documents/Mendeley//Perer, Shneiderman - 2009 - Integrating Statistics and Visualization for Exploratory Power From Long-Term Case Studies to Design Guideli.pdf:pdf},
isbn = {0272-1716 VO - 29},
keywords = {SocialAction,data analysis,data mining,data visualisation,data-mining,information visualization,laboratory-based controlled experiments,social networking (online),statistics,visual-analytics systems},
number = {3},
pages = {39--51},
title = {{Integrating Statistics and Visualization for Exploratory Power: From Long-Term Case Studies to Design Guidelines}},
volume = {29},
year = {2009}
}
@article{Murray2011e,
author = {Murray, Alan T. and Liu, Yin and Rey, Sergio J. and Anselin, Luc},
doi = {10.1007/s00168-011-0459-z},
file = {:Users/dong/Documents/Mendeley/Murray et al. - 2011 - Exploring movement object patterns.pdf:pdf},
issn = {0570-1864},
journal = {The Annals of Regional Science},
month = {may},
number = {2},
pages = {471--484},
title = {{Exploring movement object patterns}},
url = {http://www.springerlink.com/index/10.1007/s00168-011-0459-z},
volume = {49},
year = {2011}
}
