Automatically generated by Mendeley Desktop 1.17.8
Any changes to this file will be lost if it is regenerated by Mendeley.

BibTeX export options can be customized via Preferences -> BibTeX in Mendeley Desktop

@article{Kwan2002c,
author = {Kwan, Mei-Po},
doi = {10.1111/1467-8306.00309},
file = {:Users/dong/Documents/Mendeley//Kwan - 2002 - Feminist Visualization Re-envisioning GIS as a Method in Feminist Geographic Research.pdf:pdf},
issn = {0004-5608},
journal = {Annals of the Association of American Geographers},
month = {dec},
number = {4},
pages = {645--661},
title = {{Feminist Visualization: Re-envisioning GIS as a Method in Feminist Geographic Research}},
url = {http://www.tandfonline.com/doi/abs/10.1111/1467-8306.00309},
volume = {92},
year = {2002}
}
