Automatically generated by Mendeley Desktop 1.17.6
Any changes to this file will be lost if it is regenerated by Mendeley.

BibTeX export options can be customized via Preferences -> BibTeX in Mendeley Desktop

@article{Cockburn2008c,
author = {Cockburn, Andy and Karlson, Amy and Bederson, Benjamin B.},
doi = {10.1145/1456650.1456652},
file = {:Users/dong/Documents/Mendeley/Cockburn, Karlson, Bederson - 2008 - A review of overviewdetail, zooming, and focuscontext interfaces.pdf:pdf},
issn = {03600300},
journal = {ACM Computing Surveys},
month = {dec},
number = {1},
pages = {1--31},
title = {{A review of overview+detail, zooming, and focus+context interfaces}},
url = {http://portal.acm.org/citation.cfm?doid=1456650.1456652},
volume = {41},
year = {2008}
}
@inproceedings{Partridge2002c,
author = {Partridge, Chris},
booktitle = {OOPSLA},
file = {:Users/dong/Documents/Mendeley/Partridge - 2002 - The role of ontology in semantic integration.pdf:pdf},
keywords = {Ontology,Semantics},
mendeley-tags = {Ontology,Semantics},
pages = {1--10},
title = {{The role of ontology in semantic integration}},
url = {http://www.borosolutions.co.uk/research/content/files/O-02-SE.pdf},
year = {2002}
}
@inproceedings{Hakimpour2001c,
author = {Hakimpour, F and Timpf, Sabine},
booktitle = {in GIS. Proceedings 4th AGILE Conference on Geographic Information Science},
file = {:Users/dong/Documents/Mendeley/Hakimpour, Timpf - 2001 - Using ontologies for resolution of semantic heterogeneity in GIS.pdf:pdf},
pages = {385--395},
title = {{Using ontologies for resolution of semantic heterogeneity in GIS}},
url = {http://reference.kfupm.edu.sa/content/u/s/using{\_}ontologies{\_}for{\_}resolution{\_}of{\_}seman{\_}95715.pdf},
year = {2001}
}
@article{Fonseca2000e,
author = {Fonseca, F.T and Egenhofer, M.J and Davis, C.a and Borges, K.a.V},
doi = {10.1016/S0198-9715(00)00004-1},
file = {:Users/dong/Documents/Mendeley/Fonseca et al. - 2000 - Ontologies and knowledge sharing in urban GIS.pdf:pdf},
issn = {01989715},
journal = {Computers, Environment and Urban Systems},
keywords = {knolwedge sharing,ontologies,urban gis},
month = {may},
number = {3},
pages = {251--272},
title = {{Ontologies and knowledge sharing in urban GIS}},
url = {http://linkinghub.elsevier.com/retrieve/pii/S0198971500000041},
volume = {24},
year = {2000}
}
@article{Fonseca2002c,
author = {Fonseca, Frederico T. and Egenhofer, Max J. and Agouris, Peggy and Camara, Gilberto},
doi = {10.1111/1467-9671.00109},
file = {:Users/dong/Documents/Mendeley/Fonseca et al. - 2002 - Using Ontologies for Integrated Geographic Information Systems.pdf:pdf},
issn = {1361-1682},
journal = {Transactions in GIS},
month = {jun},
number = {3},
pages = {231--257},
title = {{Using Ontologies for Integrated Geographic Information Systems}},
url = {http://www.blackwell-synergy.com/links/doi/10.1111/1467-9671.00109},
volume = {6},
year = {2002}
}
@article{Narock2012c,
author = {Narock, Thomas and Fox, Peter},
doi = {10.1016/j.cageo.2011.11.018},
file = {:Users/dong/Documents/Mendeley/Narock, Fox - 2012 - From science to e-Science to Semantic e-Science A Heliophysics case study.pdf:pdf},
issn = {00983004},
journal = {Computers {\&} Geosciences},
keywords = {Ontology,Provenance,Semantic Web,Semantic e-Science},
month = {sep},
pages = {248--254},
publisher = {Elsevier},
title = {{From science to e-Science to Semantic e-Science: A Heliophysics case study}},
url = {http://linkinghub.elsevier.com/retrieve/pii/S0098300411004080},
volume = {46},
year = {2012}
}
