Automatically generated by Mendeley Desktop 1.17.6
Any changes to this file will be lost if it is regenerated by Mendeley.

BibTeX export options can be customized via Preferences -> BibTeX in Mendeley Desktop

@article{chapman212flamers,
author = {Chapman, Gary},
journal = {New Republic},
number = {15},
pages = {13--15},
title = {{Flamers: Cranks, Fetishists and Monomaniacs}},
volume = {212}
}
@article{Ramaiah2002b,
author = {Ramaiah, CK},
file = {:Users/dong/Documents/Mendeley/Ramaiah - 2002 - Bulletin board system for libraries.pdf:pdf},
journal = {DESIDOC Journal of Library {\&} Information Technology},
number = {4},
pages = {23--31},
title = {{Bulletin board system for libraries}},
url = {http://gndec.ac.in/{~}librarian/sveri/dbit1504023.pdf},
volume = {15},
year = {2002}
}
@article{Wolf2000b,
author = {Wolf, Alecia},
file = {:Users/dong/Documents/Mendeley/Wolf - 2000 - Emotional Expression Online Gender Differences in Emoticon Use.pdf:pdf},
journal = {CyberPsychology {\&} Behavior},
number = {5},
pages = {827--833},
title = {{Emotional Expression Online: Gender Differences in Emoticon Use}},
url = {http://online.liebertpub.com/doi/abs/10.1089/10949310050191809},
volume = {3},
year = {2000}
}
@phdthesis{blackman1990naturalistic,
author = {Blackman, Bernard I},
school = {Florida State University},
title = {{A naturalistic study of computer-mediated communication: emergent communication patterns in on-line electronic messaging systems}},
year = {1990}
}
@article{Rafaeli1993b,
author = {Rafaeli, S. and LaROSE, R. J.},
doi = {10.1177/009365093020002005},
file = {:Users/dong/Documents/Mendeley/Rafaeli, LaROSE - 1993 - Electronic Bulletin Boards and Public Goods Explanations of Collaborative Mass Media.pdf:pdf},
isbn = {0093650930},
issn = {0093-6502},
journal = {Communication Research},
month = {apr},
number = {2},
pages = {277--297},
title = {{Electronic Bulletin Boards and "Public Goods" Explanations of Collaborative Mass Media}},
url = {http://crx.sagepub.com/cgi/doi/10.1177/009365093020002005},
volume = {20},
year = {1993}
}
@article{andrews2003electronic,
author = {Andrews, Dorine and Nonnecke, Blair and Preece, Jennifer},
journal = {International Journal of Human-Computer Interaction},
number = {2},
pages = {185--210},
publisher = {Taylor {\&} Francis},
title = {{Electronic survey methodology: A case study in reaching hard-to-involve Internet users}},
volume = {16},
year = {2003}
}
@article{Chou2003b,
author = {Chou, Chien},
doi = {10.1111/1467-8535.00326},
file = {:Users/dong/Documents/Mendeley/Chou - 2003 - Interactivity and interactive functions in web-based learning systems a technical framework for designers.pdf:pdf},
isbn = {8863573808},
issn = {0007-1013},
journal = {British Journal of Educational Technology},
month = {jun},
number = {3},
pages = {265--279},
title = {{Interactivity and interactive functions in web-based learning systems: a technical framework for designers}},
url = {http://doi.wiley.com/10.1111/1467-8535.00326},
volume = {34},
year = {2003}
}
@article{mccormick1993computer,
author = {McCormick, Naomi B and McCormick, John W},
journal = {Computers in Human Behavior},
number = {4},
pages = {379--405},
publisher = {Elsevier},
title = {{Computer friends and foes: Content of undergraduates' electronic mail}},
volume = {8},
year = {1993}
}
@article{Bishop2007b,
author = {Bishop, Jonathan},
doi = {10.1016/j.chb.2005.11.004},
file = {:Users/dong/Documents/Mendeley/Bishop - 2007 - Increasing participation in online communities A framework for human–computer interaction.pdf:pdf},
issn = {07475632},
journal = {Computers in Human Behavior},
keywords = {behavior,cognitive dissonance,ecological cognition,lurkers,online community,persuasion},
month = {jul},
number = {4},
pages = {1881--1893},
title = {{Increasing participation in online communities: A framework for human–computer interaction}},
url = {http://linkinghub.elsevier.com/retrieve/pii/S0747563205000956},
volume = {23},
year = {2007}
}
@article{Reinig1997b,
author = {Reinig, Bruce A. and Briggs, Robert O. and Nunamaker, Jay F.},
file = {:Users/dong/Documents/Mendeley/Reinig, Briggs, Nunamaker - 1997 - Flaming in the electronic classroom.pdf:pdf},
journal = {Journal of Management Information Systems},
number = {3},
pages = {45--59},
title = {{Flaming in the electronic classroom}},
url = {http://dl.acm.org/citation.cfm?id=1189516},
volume = {14},
year = {1997}
}
@article{Dorat2007b,
author = {Dorat, Remi and Latapy, Matthieu and Conein, Bernard and Auray, Nicolas},
file = {:Users/dong/Documents/Mendeley/Dorat et al. - 2007 - Multi-level analysis of an interaction network between individuals in a mailing-list.pdf:pdf},
journal = {Annales des t{\'{e}}l{\'{e}}communications},
keywords = {analyse multiniveau d,complex system,entre individus dans une,graph,human communication,interaction,interactions,liste de diffusion,message handling,newsgroup,social behavior,sociology,un reseau d},
number = {3-4},
pages = {325--349},
title = {{Multi-level analysis of an interaction network between individuals in a mailing-list}},
url = {http://link.springer.com/article/10.1007/BF03253264},
volume = {62},
year = {2007}
}
@article{witmer1997line,
author = {Witmer, Diane F and Katzman, Sandra Lee},
journal = {Journal of Computer-Mediated Communication},
number = {4},
pages = {0},
publisher = {Wiley Online Library},
title = {{On-Line Smiles: Does Gender Make a Difference in the Use of Graphic Accents?}},
volume = {2},
year = {1997}
}
@article{jennings1986computer,
author = {Jennings, Dennis M and Landweber, Lawrence H and Fuchs, Ira H and Farber, David J and Adrion, W Richards},
journal = {Science},
number = {4741},
pages = {943--950},
publisher = {American Association for the Advancement of Science},
title = {{Computer networking for scientists}},
volume = {231},
year = {1986}
}
@article{walther1992interpersonal,
author = {Walther, Joseph B},
journal = {Communication research},
number = {1},
pages = {52--90},
publisher = {Sage Publications},
title = {{Interpersonal Effects in Computer-Mediated Interaction A Relational Perspective}},
volume = {19},
year = {1992}
}
@article{Schaefermeyer1988b,
author = {Schaefermeyer, M. J. and Sewell, E. H.},
doi = {10.1177/0002764288032002004},
file = {:Users/dong/Documents/Mendeley/Schaefermeyer, Sewell - 1988 - Communicating by Electronic Mail.pdf:pdf},
isbn = {0002764288},
issn = {0002-7642},
journal = {American Behavioral Scientist},
month = {nov},
number = {2},
pages = {112--123},
title = {{Communicating by Electronic Mail}},
url = {http://abs.sagepub.com/cgi/doi/10.1177/0002764288032002004},
volume = {32},
year = {1988}
}
@misc{Andrews1994b,
author = {Andrews, Paul},
booktitle = {The Seattle Times},
title = {{Put On A Happy Face, But Not In My E-Mail}},
url = {http://community.seattletimes.nwsource.com/archive/?date=19940619{\&}slug=1916285},
year = {1994}
}
@misc{Murray2013b,
author = {Murray, Tom and Xu, Xiaoxi and Woolf, Beverly and Stephens, Lynn and Wing, Leah and Shrikant, Natasha},
title = {{Supporting Social Deliberative Skills in Online Contexts: Effects of Reflective Scaffolding Tools {\&} Text Analysis Methods}},
url = {http://www.pensivepuffin.com/socs2013/socsposters/xu-SoCS-poster-june2013.pdf},
year = {2013}
}
@article{ball1988monologue,
author = {Ball-Rokeach, Sandra J and Reardon, Kathleen},
journal = {Advancing communication science: Merging mass and interpersonal processes},
pages = {135--161},
publisher = {Sage Newbury Park, CA},
title = {{Monologue, dialogue, and telelog: Comparing an emergent form of communication with traditional forms}},
year = {1988}
}
@misc{Shirky2004b,
author = {Shirky, Clay},
booktitle = {"Networks, Economics, and Culture" mailing list},
file = {:Users/dong/Documents/Mendeley/Shirky - 2004 - GROUP AS USER FLAMING AND THE DESIGN OF SOCIAL SOFTWARE.pdf:pdf},
title = {{GROUP AS USER : FLAMING AND THE DESIGN OF SOCIAL SOFTWARE}},
url = {http://www.shirky.com/writings/group{\_}user.html},
urldate = {2013-08-09},
year = {2004}
}
@article{Clarke2011b,
author = {Clarke, Sandra},
doi = {10.1007/s10991-011-9092-2},
file = {:Users/dong/Documents/Mendeley/Clarke - 2011 - Peer Interaction and Engagement Through Online Discussion Forums A Cautionary Tale.pdf:pdf},
isbn = {1099101190},
issn = {0144-932X},
journal = {Liverpool Law Review},
month = {jul},
number = {2},
pages = {149--163},
title = {{Peer Interaction and Engagement Through Online Discussion Forums: A Cautionary Tale}},
url = {http://link.springer.com/10.1007/s10991-011-9092-2},
volume = {32},
year = {2011}
}
@inproceedings{walther1992longitudinal,
author = {Walther, Joseph B},
booktitle = {System Sciences, 1992. Proceedings of the Twenty-Fifth Hawaii International Conference on},
organization = {IEEE},
pages = {220--231},
title = {{A longitudinal experiment on relational tone in computer-mediated and face to face interaction}},
volume = {4},
year = {1992}
}
@inproceedings{Nonnecke2001b,
author = {Nonnecke, Blair and Preece, Jenny},
booktitle = {Americas Conference on Information Systems},
file = {:Users/dong/Documents/Mendeley/Nonnecke, Preece - 2001 - Why lurkers lurk.pdf:pdf},
pages = {1--10},
title = {{Why lurkers lurk}},
url = {http://skeeter.socs.uoguelph.ca/{~}nonnecke/research/whylurk.pdf},
year = {2001}
}
@article{wright2009role,
author = {Wright, Scott},
journal = {Online deliberation: Design, research, and practice},
pages = {233--242},
title = {{The role of the moderator: problems and possibilities for government-run online discussion forums}},
year = {2009}
}
@article{Nonnecke2006b,
author = {Nonnecke, Blair and Andrews, Dorine and Preece, Jenny},
doi = {10.1007/s10660-006-5985-x},
file = {:Users/dong/Documents/Mendeley/Nonnecke, Andrews, Preece - 2006 - Non-public and public online community participation Needs, attitudes and behavior.pdf:pdf},
issn = {1389-5753},
journal = {Electronic Commerce Research},
keywords = {lurking,nonpublic participation,online community,posting,survey},
month = {jan},
number = {1},
pages = {7--20},
title = {{Non-public and public online community participation: Needs, attitudes and behavior}},
url = {http://link.springer.com/10.1007/s10660-006-5985-x},
volume = {6},
year = {2006}
}
@book{raymond1991new,
author = {Raymond, Eric S and Steele, Guy L},
publisher = {MIT Press Cambridge, Mass.},
title = {{The new hacker's dictionary}},
year = {1991}
}
@article{Preece1999b,
author = {Preece, Jenny},
doi = {10.1016/S0953-5438(98)00056-3},
file = {:Users/dong/Documents/Mendeley/Preece - 1999 - Empathic communities balancing emotional and factual communication.pdf:pdf},
issn = {09535438},
journal = {Interacting with Computers},
keywords = {bulletin board,empathyi,information exchange,on-line community},
month = {sep},
number = {1},
pages = {63--77},
title = {{Empathic communities: balancing emotional and factual communication}},
url = {http://iwc.oxfordjournals.org/cgi/doi/10.1016/S0953-5438(98)00056-3},
volume = {12},
year = {1999}
}
@book{o1990managing,
author = {O'Reilly, Tim and Todino, Grace and Diaz, Jean M},
publisher = {O'Reilly {\&} Associates, Inc.},
title = {{Managing uucp and Usenet}},
year = {1990}
}
@article{Alonzo2004b,
author = {Alonzo, Mei and Aiken, Milam},
doi = {10.1016/S0167-9236(02)00190-2},
file = {:Users/dong/Documents/Mendeley/Alonzo, Aiken - 2004 - Flaming in electronic communication.pdf:pdf},
issn = {01679236},
journal = {Decision Support Systems},
keywords = {disinhibition,electronic meetings,flaming,group support systems,uses and gratifications theory},
month = {jan},
number = {3},
pages = {205--213},
title = {{Flaming in electronic communication}},
url = {http://linkinghub.elsevier.com/retrieve/pii/S0167923602001902},
volume = {36},
year = {2004}
}
@article{Preece2004b,
author = {Preece, Jenny and Nonnecke, Blair and Andrews, Dorine},
doi = {10.1016/j.chb.2003.10.015},
file = {:Users/dong/Documents/Mendeley/Preece, Nonnecke, Andrews - 2004 - The top five reasons for lurking improving community experiences for everyone.pdf:pdf},
issn = {07475632},
journal = {Computers in Human Behavior},
keywords = {attitudes,behavior,bulletin board,lurkers,online community,open-ended,posters,support,survey,text questions,textbox questions},
month = {mar},
number = {2},
pages = {201--223},
title = {{The top five reasons for lurking: improving community experiences for everyone}},
url = {http://linkinghub.elsevier.com/retrieve/pii/S0747563203000876},
volume = {20},
year = {2004}
}
@article{rezabek1998visual,
author = {Rezabek, Landra L and Cochenour, John J},
journal = {Journal of Visual Literacy},
number = {2},
pages = {201--215},
title = {{Visual cues in computer-mediated communication: Supplementing text with emoticons}},
volume = {18},
year = {1998}
}
@article{Walther1996b,
author = {Walther, J. B.},
doi = {10.1177/009365096023001001},
file = {:Users/dong/Documents/Mendeley/Walther - 1996 - Computer-Mediated Communication Impersonal, Interpersonal, and Hyperpersonal Interaction.pdf:pdf},
issn = {0093-6502},
journal = {Communication Research},
month = {feb},
number = {1},
pages = {3--43},
title = {{Computer-Mediated Communication: Impersonal, Interpersonal, and Hyperpersonal Interaction}},
url = {http://crx.sagepub.com/cgi/doi/10.1177/009365096023001001},
volume = {23},
year = {1996}
}
@article{Walther2001b,
author = {Walther, J. B. and D'Addario, K. P.},
doi = {10.1177/089443930101900307},
file = {:Users/dong/Documents/Mendeley/Walther, D'Addario - 2001 - The Impacts of Emoticons on Message Interpretation in Computer-Mediated Communication.pdf:pdf},
issn = {0894-4393},
journal = {Social Science Computer Review},
month = {aug},
number = {3},
pages = {324--347},
title = {{The Impacts of Emoticons on Message Interpretation in Computer-Mediated Communication}},
url = {http://ssc.sagepub.com/cgi/doi/10.1177/089443930101900307},
volume = {19},
year = {2001}
}
@article{sweeney1973experimental,
author = {Sweeney, John W},
journal = {Social Science Research},
number = {3},
pages = {277--292},
publisher = {Elsevier},
title = {{An experimental investigation of the free-rider problem}},
volume = {2},
year = {1973}
}
