Automatically generated by Mendeley Desktop 1.17.6
Any changes to this file will be lost if it is regenerated by Mendeley.

BibTeX export options can be customized via Preferences -> BibTeX in Mendeley Desktop

@article{Keim2006d,
author = {Keim, D.a. and Mansmann, F. and Schneidewind, J. and Ziegler, H.},
doi = {10.1109/IV.2006.31},
file = {:Users/dong/Documents/Mendeley/Keim et al. - 2006 - Challenges in Visual Data Analysis.pdf:pdf},
isbn = {0-7695-2602-0},
journal = {Tenth International Conference on Information Visualisation (IV'06)},
pages = {9--16},
publisher = {Ieee},
title = {{Challenges in Visual Data Analysis}},
url = {http://ieeexplore.ieee.org/lpdocs/epic03/wrapper.htm?arnumber=1648235},
year = {2006}
}
@article{Brady2011c,
author = {Brady, Henry E. and Mcnulty, John E.},
doi = {10.1017/S0003055410000596},
file = {:Users/dong/Documents/Mendeley/Brady, Mcnulty - 2011 - Turning Out to Vote The Costs of Finding and Getting to the Polling Place.pdf:pdf},
issn = {0003-0554},
journal = {American Political Science Review},
month = {mar},
number = {01},
pages = {115--134},
title = {{Turning Out to Vote: The Costs of Finding and Getting to the Polling Place}},
url = {http://www.journals.cambridge.org/abstract{\_}S0003055410000596},
volume = {105},
year = {2011}
}
@article{Correa2009c,
author = {Correa, Carlos D. and Chan, Yu-Hsuan and Ma, Kwan-Liu},
doi = {10.1109/VAST.2009.5332611},
file = {:Users/dong/Documents/Mendeley/Correa, Chan, Ma - 2009 - A framework for uncertainty-aware visual analytics.pdf:pdf},
isbn = {978-1-4244-5283-5},
journal = {2009 IEEE Symposium on Visual Analytics Science and Technology},
keywords = {data transformations,model fitting,nent analysis,principal compo-,uncertainty},
pages = {51--58},
publisher = {Ieee},
title = {{A framework for uncertainty-aware visual analytics}},
url = {http://ieeexplore.ieee.org/lpdocs/epic03/wrapper.htm?arnumber=5332611},
year = {2009}
}
