Automatically generated by Mendeley Desktop 1.17.8
Any changes to this file will be lost if it is regenerated by Mendeley.

BibTeX export options can be customized via Preferences -> BibTeX in Mendeley Desktop

@article{Fan2004e,
annote = {The summary at the end of the paper well summarize the content of the paper.
        
The paper reviews the existing work of teamwork modeling, along the team social structure and social behavior dimensions. },
author = {Fan, Xiaocong and Yen, John},
doi = {10.1016/j.plrev.2004.10.001},
file = {:Users/dong/Documents/Mendeley/Fan, Yen - 2004 - Modeling and simulating human teamwork behaviors using intelligent agents.pdf:pdf},
issn = {15710645},
journal = {Physics of Life Reviews},
keywords = {Collaboration,Joint Intention,SharedPlan},
mendeley-tags = {Collaboration,Joint Intention,SharedPlan},
month = {dec},
number = {3},
pages = {173--201},
title = {{Modeling and simulating human teamwork behaviors using intelligent agents}},
url = {http://linkinghub.elsevier.com/retrieve/pii/S1571064504000284},
volume = {1},
year = {2004}
}
@article{Ritter2009c,
author = {Ritter, Frank E.},
file = {:Users/dong/Documents/Mendeley/Ritter - 2009 - Two cognitive modeling frontiers.pdf:pdf},
journal = {Information and Media Technologies},
number = {1},
pages = {76--84},
title = {{Two cognitive modeling frontiers}},
url = {http://japanlinkcenter.org/JST.JSTAGE/imt/4.76?from=Google},
volume = {4},
year = {2009}
}
@inproceedings{Chang2002f,
address = {Istanbul, Turkey},
author = {Chang, Hau-wen and Lee, Dongwon and Eltaher, Mohammed and Lee, Jeongkyu},
booktitle = {IEEE/ACM Int'l Conf. on Advances in Social Networks Analysis and Mining (ASONAM)},
file = {:Users/dong/Documents/Mendeley/Chang et al. - 2002 - @ Phillies Tweeting from Philly Predicting Twitter User Locations with Spatial Word Usage.pdf:pdf},
title = {{@ Phillies Tweeting from Philly? Predicting Twitter User Locations with Spatial Word Usage}},
year = {2002}
}
@article{McNeese2003c,
author = {McNeese, M. D.},
doi = {10.1177/154193120304700356},
file = {:Users/dong/Documents/Mendeley/McNeese - 2003 - Metaphors and Paradigms of Team Cognition A Twenty Year Perspective.pdf:pdf},
isbn = {1541931203},
issn = {1071-1813},
journal = {Proceedings of the Human Factors and Ergonomics Society Annual Meeting},
month = {oct},
number = {3},
pages = {518--522},
title = {{Metaphors and Paradigms of Team Cognition: A Twenty Year Perspective}},
url = {http://pro.sagepub.com/lookup/doi/10.1177/154193120304700356},
volume = {47},
year = {2003}
}
@article{Joshi2011c,
author = {Joshi, Dhiraj and Datta, Ritendra and Fedorovskaya, Elena and Luong, Quang-Tuan and Wang, James Z. and Li, Jia and Luo, Jiebo},
file = {:Users/dong/Documents/Mendeley/Joshi et al. - 2011 - Aesthetics and emotions in images.pdf:pdf},
journal = {Signal Processing Magazine, IEEE},
number = {5},
pages = {94--115},
title = {{Aesthetics and emotions in images}},
url = {http://ieeexplore.ieee.org/xpls/abs{\_}all.jsp?arnumber=5999579},
volume = {28},
year = {2011}
}
@article{2009,
author = {Ritter, Frank E},
journal = {Information and Media Technologies},
number = {1},
pages = {76--84},
title = {{Two Cognitive Modeling Frontiers}},
volume = {4},
year = {2009}
}
