Automatically generated by Mendeley Desktop 1.17.8
Any changes to this file will be lost if it is regenerated by Mendeley.

BibTeX export options can be customized via Preferences -> BibTeX in Mendeley Desktop

@article{Gastil2008d,
author = {Gastil, John and Black, Laura W. and Deess, E. Pierre and Leighter, Jay},
doi = {10.1111/j.1468-2958.2007.00316.x},
file = {:Users/dong/Documents/Mendeley/Gastil et al. - 2008 - From Group Member to Democratic Citizen How Deliberating with Fellow Jurors Reshapes Civic Attitudes.pdf:pdf},
issn = {03603989},
journal = {Human Communication Research},
keywords = {participants},
mendeley-tags = {participants},
month = {jan},
number = {1},
pages = {137--169},
title = {{From Group Member to Democratic Citizen: How Deliberating with Fellow Jurors Reshapes Civic Attitudes}},
url = {http://doi.wiley.com/10.1111/j.1468-2958.2007.00316.x},
volume = {34},
year = {2008}
}
