Automatically generated by Mendeley Desktop 1.17.8
Any changes to this file will be lost if it is regenerated by Mendeley.

BibTeX export options can be customized via Preferences -> BibTeX in Mendeley Desktop

@incollection{Timpf2003g,
address = {London and New York},
author = {Timpf, S},
booktitle = {Foundations of Geographic Information Science},
editor = {Duckham, M and Goodchild, M and Worboys, M F},
file = {:Users/dong/Documents/Mendeley//Timpf - 2003 - Geographic Activity Models.pdf:pdf},
pages = {241--254},
publisher = {Taylor {\&} Francis},
title = {{Geographic Activity Models}},
url = {c:{\%}5CLiterature{\%}5CBooks{\%}5CFundamentals-GIScience{\%}5C2003-Geographic-Activity-models.pdf},
year = {2003}
}
@book{Maceachren2004d,
annote = {Research problem:
The role of visual representationin geocollaborative activities. Specifically, the technological, social, and cognitive parameters that must be considered in geocollaboration.},
author = {Maceachren, Alan M. and Brewer, Isaac},
booktitle = {International Journal of Geographical Information Science},
doi = {10.1080/13658810310001596094},
file = {:Users/dong/Documents/Mendeley/Maceachren, Brewer - 2004 - Developing a conceptual framework for visually-enabled geocollaboration.pdf:pdf},
isbn = {1365881031000},
issn = {1365-8816},
month = {jan},
number = {1},
pages = {1--34},
title = {{Developing a conceptual framework for visually-enabled geocollaboration}},
url = {http://www.tandfonline.com/doi/abs/10.1080/13658810310001596094},
volume = {18},
year = {2004}
}
