Automatically generated by Mendeley Desktop 1.17.6
Any changes to this file will be lost if it is regenerated by Mendeley.

BibTeX export options can be customized via Preferences -> BibTeX in Mendeley Desktop

@article{Shah2013e,
author = {Shah, Chirag},
doi = {10.1002/asi},
file = {:Users/dong/Documents/Mendeley/Shah - 2013 - Effects of Awareness on Coordination in Collaborative.pdf:pdf},
journal = {Journal of the American Society for Information Science and Technology},
keywords = {concept,measure,technology},
mendeley-tags = {concept,measure,technology},
number = {6},
pages = {1122--1143},
title = {{Effects of Awareness on Coordination in Collaborative}},
volume = {64},
year = {2013}
}
@article{Paul2011e,
author = {Paul, Sharoda and Morris, Meredith Ringel},
doi = {10.1080/07370024.2011.559410},
file = {:Users/dong/Documents/Mendeley/Paul, Morris - 2011 - Sensemaking in Collaborative Web Search.pdf:pdf},
issn = {0737-0024},
journal = {Human-Computer Interaction},
month = {jan},
number = {1},
pages = {72--122},
title = {{Sensemaking in Collaborative Web Search}},
url = {http://www.tandfonline.com/doi/abs/10.1080/07370024.2011.559410},
volume = {26},
year = {2011}
}
@article{Shah2010g,
author = {Shah, Chirag and Marchionini, Gary},
doi = {10.1002/asi},
file = {:Users/dong/Documents/Mendeley/Shah, Marchionini - 2010 - Awareness in Collaborative Information Seeking.pdf:pdf},
journal = {Journal of the American Society for Information Science and Technology},
keywords = {measure},
mendeley-tags = {measure},
number = {10},
pages = {1970--1986},
title = {{Awareness in Collaborative Information Seeking}},
volume = {61},
year = {2010}
}
@article{Shah2014i,
author = {Shah, Chirag},
doi = {10.1002/asi},
file = {:Users/dong/Documents/Mendeley/Shah - 2014 - Collaborative information seeking.pdf:pdf},
journal = {Journal of the Association for Information Science and Technology},
number = {2},
pages = {215--236},
title = {{Collaborative information seeking}},
url = {https://sils.unc.edu/sites/default/files/publications/isss2008-final-report-v5d1.pdf{\#}page=46},
volume = {65},
year = {2014}
}
