Automatically generated by Mendeley Desktop 1.17.6
Any changes to this file will be lost if it is regenerated by Mendeley.

BibTeX export options can be customized via Preferences -> BibTeX in Mendeley Desktop

@inproceedings{Convertino2004e,
author = {Convertino, Gregorio and Neale, DC and Hobby, Laurian},
booktitle = {Proceedings of the third Nordic conference on Human-computer interaction},
file = {:Users/dong/Documents/Mendeley/Convertino, Neale, Hobby - 2004 - A laboratory method for studying activity awareness.pdf:pdf},
isbn = {1581138571},
number = {1},
pages = {313--322},
title = {{A laboratory method for studying activity awareness}},
url = {http://dl.acm.org/citation.cfm?id=1028063},
year = {2004}
}
@article{Heath2002d,
author = {Heath, Christian and Svensson, Marcus Sanchez and Hindmarsh, Jon and Luff, Paul and vom Lehn, Dirk},
doi = {10.1023/A:1021247413718},
file = {:Users/dong/Documents/Mendeley/Heath et al. - 2002 - Configuring Awareness.pdf:pdf},
issn = {0925-9724},
journal = {Computer Supported Cooperative Work (CSCW)},
keywords = {awareness,centres of coordination,selective aspects},
month = {sep},
number = {3-4},
pages = {317--347},
title = {{Configuring Awareness}},
url = {http://link.springer.com/10.1023/A:1021247413718},
volume = {11},
year = {2002}
}
