Automatically generated by Mendeley Desktop 1.17.6
Any changes to this file will be lost if it is regenerated by Mendeley.

BibTeX export options can be customized via Preferences -> BibTeX in Mendeley Desktop

@inproceedings{Convertino2004e,
author = {Convertino, Gregorio and Neale, DC and Hobby, Laurian},
booktitle = {Proceedings of the third Nordic conference on Human-computer interaction},
file = {:Users/dong/Documents/Mendeley/Convertino, Neale, Hobby - 2004 - A laboratory method for studying activity awareness.pdf:pdf},
isbn = {1581138571},
number = {1},
pages = {313--322},
title = {{A laboratory method for studying activity awareness}},
url = {http://dl.acm.org/citation.cfm?id=1028063},
year = {2004}
}
@article{Wildman2013e,
author = {Wildman, J. L. and Salas, E. and Scott, C. P. R.},
doi = {10.1177/0018720813515907},
file = {:Users/dong/Documents/Mendeley/Wildman, Salas, Scott - 2013 - Measuring Cognition in Teams A Cross-Domain Review.pdf:pdf},
issn = {0018-7208},
journal = {Human Factors: The Journal of the Human Factors and Ergonomics Society},
keywords = {SNS},
mendeley-tags = {SNS},
month = {dec},
number = {5},
pages = {911--941},
title = {{Measuring Cognition in Teams: A Cross-Domain Review}},
url = {http://hfs.sagepub.com/cgi/doi/10.1177/0018720813515907},
volume = {56},
year = {2013}
}
@inproceedings{Neale2004,
author = {Neale, DC and Carroll, JM and Rosson, MB},
booktitle = {Proceedings of the 2004 ACM conference on Computer supported cooperative work},
file = {:Users/dong/Documents/Mendeley/Neale, Carroll, Rosson - 2004 - Evaluating computer-supported cooperative work models and frameworks.pdf:pdf},
isbn = {1581138105},
pages = {112--121},
title = {{Evaluating computer-supported cooperative work: models and frameworks}},
url = {http://dl.acm.org/citation.cfm?id=1031626},
year = {2004}
}
@inproceedings{Gutwin2000d,
author = {Gutwin, Carl and Greenberg, Saul},
booktitle = {Proceedings IEEE 9th International Workshops on Enabling Technologies: Infrastructure for Collaborative Enterprises (WET ICE 2000)},
doi = {10.1109/ENABL.2000.883711},
file = {:Users/dong/Documents/Mendeley/Gutwin, Greenberg - 2000 - The mechanics of collaboration developing low cost usability evaluation methods for shared workspaces.pdf:pdf},
isbn = {0-7695-0798-0},
keywords = {evaluation},
mendeley-tags = {evaluation},
pages = {98--103},
publisher = {IEEE Comput. Soc},
title = {{The mechanics of collaboration: developing low cost usability evaluation methods for shared workspaces}},
url = {http://ieeexplore.ieee.org/lpdocs/epic03/wrapper.htm?arnumber=883711},
year = {2000}
}
