Automatically generated by Mendeley Desktop 1.17.8
Any changes to this file will be lost if it is regenerated by Mendeley.

BibTeX export options can be customized via Preferences -> BibTeX in Mendeley Desktop

@inproceedings{Pinelle2002c,
author = {Pinelle, David and Gutwin, Carl},
booktitle = {Proceedings of the SIGCHI Conference on Human Factors in Computing Systems},
file = {:Users/dong/Documents/Mendeley/Pinelle, Gutwin - 2002 - Groupware Walkthrough Adding Context to Groupware Usability Evaluation.pdf:pdf},
isbn = {1581134533},
number = {1},
pages = {455--462},
title = {{Groupware Walkthrough: Adding Context to Groupware Usability Evaluation}},
url = {http://dl.acm.org/citation.cfm?id=503458},
year = {2002}
}
@article{Carroll2003,
author = {Carroll, John M. and Neale, Dennis C. and Isenhour, Philip L. and Rosson, Mary Beth and McCrickard, D.Scott},
doi = {10.1016/S1071-5819(03)00024-7},
file = {:Users/dong/Documents/Mendeley/Carroll et al. - 2003 - Notification and awareness synchronizing task-oriented collaborative activity.pdf:pdf},
issn = {10715819},
journal = {International Journal of Human-Computer Studies},
keywords = {activity awareness,awareness,awareness breakdowns,collaboration,collaborative learning,computer-supported,computer-supported collaborative work,cscl,cscw,notification systems},
month = {may},
number = {5},
pages = {605--632},
title = {{Notification and awareness: synchronizing task-oriented collaborative activity}},
url = {http://linkinghub.elsevier.com/retrieve/pii/S1071581903000247},
volume = {58},
year = {2003}
}
@inproceedings{Pinelle2000c,
author = {Pinelle, David and Gutwin, Carl},
booktitle = {Enabling Technologies: Infrastructure for Collaborative Enterprises, 2000.(WET ICE 2000). Proeedings. IEEE 9th International Workshops on. IEEE},
file = {:Users/dong/Documents/Mendeley/Pinelle, Gutwin - 2000 - A review of groupware evaluations.pdf:pdf},
title = {{A review of groupware evaluations}},
url = {http://ieeexplore.ieee.org/xpls/abs{\_}all.jsp?arnumber=883709},
year = {2000}
}
