Automatically generated by Mendeley Desktop 1.17.6
Any changes to this file will be lost if it is regenerated by Mendeley.

BibTeX export options can be customized via Preferences -> BibTeX in Mendeley Desktop

@article{Heer2008e,
abstract = {The paper discusses design considerations for collaborative visual analytics, which are categorized into 7 areas: division and allocation of work, common ground and awareness, reference and deixis, incentives and engagement, identity, trust, and reputation, group dynamics, and consensus and decision making. The summarized table in the end is of considerable value.},
author = {Heer, Jeffrey and Agrawala, Maneesh},
doi = {10.1057/palgrave.ivs.9500167},
file = {:Users/dong/Documents/Mendeley/Heer, Agrawala - 2008 - Design considerations for collaborative visual analytics.pdf:pdf},
issn = {1473-8716},
journal = {Information Visualization},
keywords = {collaboration,design},
mendeley-tags = {collaboration,design},
month = {feb},
number = {1},
pages = {49--62},
title = {{Design considerations for collaborative visual analytics}},
url = {http://ivi.sagepub.com/lookup/doi/10.1057/palgrave.ivs.9500167},
volume = {7},
year = {2008}
}
