Automatically generated by Mendeley Desktop 1.17.6
Any changes to this file will be lost if it is regenerated by Mendeley.

BibTeX export options can be customized via Preferences -> BibTeX in Mendeley Desktop

@book{Golovchinsky2009a,
abstract = {An examination of the roles and dimensions of collaborative search reveals new opportunities for information-seeking support tools.},
author = {Golovchinsky, G. and Qvarfordt, P. and Pickens, J.},
booktitle = {Computer},
doi = {10.1109/MC.2009.73},
file = {:Users/dong/Documents/Mendeley/Golovchinsky, Qvarfordt, Pickens - 2009 - Collaborative Information Seeking.pdf:pdf},
isbn = {9781424423309},
issn = {0018-9162},
keywords = {information-seeking support systems,search},
number = {3},
pages = {22--25},
title = {{Collaborative Information Seeking}},
volume = {42},
year = {2009}
}
