Automatically generated by Mendeley Desktop 1.17.6
Any changes to this file will be lost if it is regenerated by Mendeley.

BibTeX export options can be customized via Preferences -> BibTeX in Mendeley Desktop

@incollection{Dix1994a,
author = {Dix, Alan},
booktitle = {Design issues in CSCW},
pages = {9--26},
publisher = {Springer London},
title = {{Computer Supported Cooperative Work - A Framework}},
url = {http://alandix.com/academic/papers/cscwframework94/},
year = {1994}
}
@article{Lee1991a,
author = {Lee, Jintae and Lai, Kum-Yew},
file = {:Users/dong/Documents/Mendeley/Lee, Lai - 1991 - What's in Design Rationale.pdf:pdf},
journal = {Human–Computer Interaction},
number = {3-4},
pages = {251--280},
title = {{What's in Design Rationale}},
url = {http://www.tandfonline.com/doi/abs/10.1080/07370024.1991.9667169},
volume = {6},
year = {1991}
}
@article{Talaei-Khoei2012d,
author = {Talaei-Khoei, Amir and Ray, Pradeep and Parameshwaran, Nandan and Lewis, Lundy},
doi = {10.1016/j.jnca.2011.06.011},
file = {:Users/dong/Documents/Mendeley/Talaei-Khoei et al. - 2012 - A framework for awareness maintenance.pdf:pdf},
issn = {10848045},
journal = {Journal of Network and Computer Applications},
keywords = {Awareness maintenance,Computer supported cooperative work,Systematic review,awareness maintenance,computer supported cooperative work,framework},
mendeley-tags = {framework},
month = {jan},
number = {1},
pages = {199--210},
publisher = {Elsevier},
title = {{A framework for awareness maintenance}},
url = {http://linkinghub.elsevier.com/retrieve/pii/S1084804511001238},
volume = {35},
year = {2012}
}
@article{Paul2011e,
author = {Paul, Sharoda and Morris, Meredith Ringel},
doi = {10.1080/07370024.2011.559410},
file = {:Users/dong/Documents/Mendeley/Paul, Morris - 2011 - Sensemaking in Collaborative Web Search.pdf:pdf},
issn = {0737-0024},
journal = {Human-Computer Interaction},
month = {jan},
number = {1},
pages = {72--122},
title = {{Sensemaking in Collaborative Web Search}},
url = {http://www.tandfonline.com/doi/abs/10.1080/07370024.2011.559410},
volume = {26},
year = {2011}
}
@book{Maceachren2004d,
annote = {Research problem:
The role of visual representationin geocollaborative activities. Specifically, the technological, social, and cognitive parameters that must be considered in geocollaboration.},
author = {Maceachren, Alan M. and Brewer, Isaac},
booktitle = {International Journal of Geographical Information Science},
doi = {10.1080/13658810310001596094},
file = {:Users/dong/Documents/Mendeley/Maceachren, Brewer - 2004 - Developing a conceptual framework for visually-enabled geocollaboration.pdf:pdf},
isbn = {1365881031000},
issn = {1365-8816},
month = {jan},
number = {1},
pages = {1--34},
title = {{Developing a conceptual framework for visually-enabled geocollaboration}},
url = {http://www.tandfonline.com/doi/abs/10.1080/13658810310001596094},
volume = {18},
year = {2004}
}
@article{Licklider:1989:TYR:77396.77414,
address = {Hightstown, NJ, USA},
author = {Licklider, Tracy Robnett},
issn = {0360-5280},
journal = {BYTE},
month = {dec},
number = {13},
pages = {324--331},
publisher = {McGraw-Hill, Inc.},
title = {{Ten Years of Rows and Columns}},
url = {http://dl.acm.org/citation.cfm?id=77396.77414},
volume = {14},
year = {1989}
}
@article{Carroll1998a,
author = {Carroll, JM and Rosson, MB},
file = {:Users/dong/Documents/Mendeley/Carroll, Rosson - 1998 - Requirements development in scenario-based design.pdf:pdf},
journal = {IEEE Transactions on Software Engineering},
number = {12},
pages = {1156--1170},
title = {{Requirements development in scenario-based design}},
url = {http://ieeexplore.ieee.org/xpls/abs{\_}all.jsp?arnumber=738344},
volume = {24},
year = {1998}
}
@article{Carroll2008c,
author = {Carroll, John M. and Rosson, Mary Beth},
doi = {10.1016/j.ijhcs.2008.07.003},
file = {:Users/dong/Documents/Mendeley/Carroll, Rosson - 2008 - Theorizing mobility in community networks.pdf:pdf},
issn = {10715819},
journal = {International Journal of Human-Computer Studies},
keywords = {community informatics,community networks,municipal wireless},
month = {dec},
number = {12},
pages = {944--962},
title = {{Theorizing mobility in community networks}},
url = {http://linkinghub.elsevier.com/retrieve/pii/S1071581908000803},
volume = {66},
year = {2008}
}
@article{carroll1989artifacts,
annote = {task-artifact cycle},
author = {Carroll, John M and Campbell, Robert L},
journal = {Behaviour {\&} Information Technology},
number = {4},
pages = {247--256},
publisher = {Taylor {\&} Francis},
title = {{Artifacts as psychological theories: The case of human-computer interaction}},
volume = {8},
year = {1989}
}
@article{Carroll1991,
author = {Carroll, JM and Rosson, MB},
file = {:Users/dong/Documents/Mendeley/Carroll, Rosson - 1991 - Deliberated Evolution Stalking the View Matcher in Design Space.pdf:pdf},
journal = {Human–Computer Interaction},
number = {3-4},
pages = {281--318},
title = {{Deliberated Evolution: Stalking the View Matcher in Design Space}},
url = {http://www.tandfonline.com/doi/abs/10.1080/07370024.1991.9667170},
volume = {6},
year = {1991}
}
@article{Carroll1992a,
author = {Carroll, John M. and Rosson, Mary Beth},
doi = {10.1145/146802.146834},
file = {:Users/dong/Documents/Mendeley/Carroll, Rosson - 1992 - Getting around the task-artifact cycle how to make claims and design by scenario.pdf:pdf},
issn = {10468188},
journal = {ACM Transactions on Information Systems},
month = {apr},
number = {2},
pages = {181--212},
title = {{Getting around the task-artifact cycle: how to make claims and design by scenario}},
url = {http://portal.acm.org/citation.cfm?doid=146802.146834},
volume = {10},
year = {1992}
}
@incollection{Timpf2003g,
address = {London and New York},
author = {Timpf, S},
booktitle = {Foundations of Geographic Information Science},
editor = {Duckham, M and Goodchild, M and Worboys, M F},
file = {:Users/dong/Documents/Mendeley//Timpf - 2003 - Geographic Activity Models.pdf:pdf},
pages = {241--254},
publisher = {Taylor {\&} Francis},
title = {{Geographic Activity Models}},
url = {c:{\%}5CLiterature{\%}5CBooks{\%}5CFundamentals-GIScience{\%}5C2003-Geographic-Activity-models.pdf},
year = {2003}
}
