Automatically generated by Mendeley Desktop 1.17.6
Any changes to this file will be lost if it is regenerated by Mendeley.

BibTeX export options can be customized via Preferences -> BibTeX in Mendeley Desktop

@book{warfel2009prototyping,
author = {Warfel, Todd Zaki},
publisher = {Rosenfeld media},
title = {{Prototyping: a practitioner's guide}},
year = {2009}
}
@inproceedings{Zimmerman2007a,
address = {New York, New York, USA},
author = {Zimmerman, John and Forlizzi, Jodi and Evenson, Shelley},
booktitle = {Proceedings of the SIGCHI conference on Human factors in computing systems - CHI '07},
doi = {10.1145/1240624.1240704},
file = {:Users/dong/Documents/Mendeley/Zimmerman, Forlizzi, Evenson - 2007 - Research through design as a method for interaction design research in HCI.pdf:pdf},
isbn = {9781595935939},
pages = {493},
publisher = {ACM Press},
title = {{Research through design as a method for interaction design research in HCI}},
url = {http://portal.acm.org/citation.cfm?doid=1240624.1240704},
year = {2007}
}
@article{Collins2004a,
author = {Collins, Allan and Joseph, Diana and Bielaczyc, Katerine},
doi = {10.1207/s15327809jls1301},
file = {:Users/dong/Documents/Mendeley/Collins, Joseph, Bielaczyc - 2004 - Design Research Theoretical and Methodological Issues.pdf:pdf},
journal = {Journal of the Learning Sciences},
number = {1},
pages = {15--42},
title = {{Design Research: Theoretical and Methodological Issues}},
volume = {13},
year = {2004}
}
@article{Wieringa2009a,
address = {New York, New York, USA},
author = {Wieringa, Roel},
doi = {10.1145/1555619.1555630},
file = {:Users/dong/Documents/Mendeley/Wieringa - 2009 - Design science as nested problem solving.pdf:pdf},
isbn = {9781605584089},
journal = {Proceedings of the 4th International Conference on Design Science Research in Information Systems and Technology - DESRIST '09},
pages = {1},
publisher = {ACM Press},
title = {{Design science as nested problem solving}},
url = {http://portal.acm.org/citation.cfm?doid=1555619.1555630},
year = {2009}
}
