Automatically generated by Mendeley Desktop 1.17.6
Any changes to this file will be lost if it is regenerated by Mendeley.

BibTeX export options can be customized via Preferences -> BibTeX in Mendeley Desktop

@article{Arias-Hernandez2012c,
author = {Arias-Hernandez, Richard and Green, Tera M and Fisher, Brian},
doi = {10.1179/0308018812Z.0000000001},
file = {:Users/dong/Documents/Mendeley/Arias-Hernandez, Green, Fisher - 2012 - From Cognitive Amplifiers to Cognitive Prostheses Understandings of the Material Basis of Cognit.pdf:pdf},
issn = {0308-0188},
journal = {Interdisciplinary Science Reviews},
keywords = {action theory,cognitive studies of technology,distributed cognition},
month = {mar},
number = {1},
pages = {4--18},
title = {{From Cognitive Amplifiers to Cognitive Prostheses: Understandings of the Material Basis of Cognition in Visual Analytics}},
url = {http://www.maneyonline.com/doi/abs/10.1179/0308018812Z.0000000001},
volume = {37},
year = {2012}
}
@article{Halverson2002a,
author = {Halverson, Christine A.},
doi = {10.1023/A:1015298005381},
file = {:Users/dong/Documents/Mendeley/Halverson - 2002 - Activity Theory and Distributed Cognition Or What Does CSCW Need to DO with Theories.pdf:pdf},
issn = {0925-9724},
journal = {Computer Supported Cooperative Work (CSCW)},
keywords = {activity theory,analysis,distributed cognition,methodology,theory},
month = {mar},
number = {1-2},
pages = {243--267},
title = {{Activity Theory and Distributed Cognition: Or What Does CSCW Need to DO with Theories?}},
url = {http://link.springer.com/10.1023/A:1015298005381},
volume = {11},
year = {2002}
}
@book{kaptelininacting,
author = {Kaptelinin, V and Nardi, B A},
publisher = {Cambridge, Mass.: MIT Press},
title = {{Acting with technology: activity theory and interaction design. Acting with technology. 2006}},
year = {2006}
}
@incollection{Nardi1996b,
author = {Nardi, Bonnie A},
booktitle = {Context and consciousness: Activity theory and human-computer interaction},
file = {:Users/dong/Documents/Mendeley/Nardi - 1996 - Activity theory and human-computer interaction.pdf:pdf},
pages = {4--8},
title = {{Activity theory and human-computer interaction}},
url = {http://books.google.com/books?hl=en{\&}lr={\&}id=JeqcgPlS2UAC{\&}oi=fnd{\&}pg=PA7{\&}dq=Activity+Theory+and+Human-Computer+Interaction{\&}ots=e{\_}bdUEAUDx{\&}sig=EVH2D0nIxuRXoArk4MrRgO-JsBw},
year = {1996}
}
@incollection{Nardi1996c,
author = {Nardi, BA},
booktitle = {Context and consciousness: Activity theory and human-computer interaction},
file = {:Users/dong/Documents/Mendeley/Nardi - 1996 - Studying Context A Comparison of Activity Theory, Situated Action Models, and Distributed Cognition.pdf:pdf},
pages = {35--52},
title = {{Studying Context: A Comparison of Activity Theory, Situated Action Models, and Distributed Cognition}},
url = {http://books.google.com/books?hl=en{\&}lr={\&}id=JeqcgPlS2UAC{\&}oi=fnd{\&}pg=PA69{\&}dq=Studying+Context:+A+Comparison+of+Activity+Theory,+Situated+Action+Models,+and+Distributed+Cognition{\&}ots=e{\_}bdUEz{\_}Ey{\&}sig=oyZ8{\_}3wxrhctt{\_}cYSOGUTkFFvU8},
year = {1996}
}
