Automatically generated by Mendeley Desktop 1.17.6
Any changes to this file will be lost if it is regenerated by Mendeley.

BibTeX export options can be customized via Preferences -> BibTeX in Mendeley Desktop

@article{Arazy2015a,
author = {Arazy, Ofer and Turner, David},
file = {:Users/dong/Library/Application Support/Mendeley Desktop/Downloaded/Arazy, Turner - 2015 - coDNA Visualizing Peer Production.pdf:pdf},
isbn = {9781450329460},
pages = {5--8},
title = {{coDNA : Visualizing Peer Production}},
year = {2015}
}
@article{Wang2014a,
author = {Wang, Xiying and Cosley, Dan},
doi = {10.1145/2556420.2556787},
file = {:Users/dong/Library/Application Support/Mendeley Desktop/Downloaded/Wang, Cosley - 2014 - TweetDrops.pdf:pdf},
isbn = {9781450325417},
journal = {Proceedings of the companion publication of the 17th ACM conference on Computer supported cooperative work {\&} social computing - CSCW Companion '14},
keywords = {aesthetics,design,energy conservation,hci,information visualization,twitter},
pages = {33--36},
title = {{TweetDrops}},
url = {http://dl.acm.org/citation.cfm?id=2556420.2556787{\%}5Cnhttp://dl.acm.org/citation.cfm?doid=2556420.2556787},
year = {2014}
}
