Automatically generated by Mendeley Desktop 1.17.8
Any changes to this file will be lost if it is regenerated by Mendeley.

BibTeX export options can be customized via Preferences -> BibTeX in Mendeley Desktop

@article{Kusunoki2014a,
author = {Kusunoki, Diana S.},
file = {:Users/dong/Library/Application Support/Mendeley Desktop/Downloaded/Kusunoki - 2014 - Display Design to Support Awareness During Emergency Medical Teamwork.pdf:pdf},
isbn = {9781450325417},
journal = {Proceedings of the Companion Publication of the 17th ACM Conference on Computer Supported Cooperative Work {\&} Social Computing},
keywords = {acm classification keywords,awareness,displays,health care,information,participatory design,teamwork},
pages = {69--72},
title = {{Display Design to Support Awareness During Emergency Medical Teamwork}},
year = {2014}
}
@article{Han2014a,
author = {Han, Kyungsik (Keith)},
doi = {10.1145/2556420.2556824},
file = {:Users/dong/Library/Application Support/Mendeley Desktop/Downloaded/Han - 2014 - Studying the application of mobile technology to local communities.pdf:pdf},
isbn = {9781450325417},
journal = {Proceedings of the companion publication of the 17th ACM conference on Computer supported cooperative work {\&} social computing - CSCW Companion '14},
keywords = {community informatics,mobile-mediated community},
pages = {61--64},
title = {{Studying the application of mobile technology to local communities}},
url = {http://dl.acm.org/citation.cfm?id=2556420.2556824},
year = {2014}
}
@article{Huang2015a,
author = {Huang, Yi-ching},
file = {:Users/dong/Library/Application Support/Mendeley Desktop/Downloaded/Huang - 2015 - Designing a Micro-Volunteering Platform for Situated Crowdsourcing.pdf:pdf},
isbn = {9781450329460},
keywords = {Micro-tasking,Micro-volunteering,Situated crowdsourcing},
pages = {73--76},
title = {{Designing a Micro-Volunteering Platform for Situated Crowdsourcing}},
year = {2015}
}
@article{Mcgregor2015a,
author = {Mcgregor, Moira},
file = {:Users/dong/Library/Application Support/Mendeley Desktop/Downloaded/Mcgregor - 2015 - The App in Everyday Life Research.pdf:pdf},
isbn = {9781450329460},
pages = {97--100},
title = {{The App in Everyday Life : Research}},
year = {2015}
}
@article{Tausch2015a,
author = {Tausch, Sarah},
file = {:Users/dong/Library/Application Support/Mendeley Desktop/Downloaded/Tausch - 2015 - Investigating the Different Characteristics of Group Mirrors.pdf:pdf},
isbn = {9781450329460},
pages = {109--112},
title = {{Investigating the Different Characteristics of Group Mirrors}},
year = {2015}
}
