Automatically generated by Mendeley Desktop 1.17.6
Any changes to this file will be lost if it is regenerated by Mendeley.

BibTeX export options can be customized via Preferences -> BibTeX in Mendeley Desktop

@inproceedings{Shrinivasan2008b,
address = {New York, New York, USA},
author = {Shrinivasan, Yedendra Babu and van Wijk, Jarke J.},
booktitle = {Proceeding of the twenty-sixth annual CHI conference on Human factors in computing systems - CHI '08},
doi = {10.1145/1357054.1357247},
file = {:Users/dong/Documents/Mendeley/Shrinivasan, van Wijk - 2008 - Supporting the analytical reasoning process in information visualization.pdf:pdf},
isbn = {9781605580111},
keywords = {visualization state},
mendeley-tags = {visualization state},
pages = {1237},
publisher = {ACM Press},
title = {{Supporting the analytical reasoning process in information visualization}},
url = {http://portal.acm.org/citation.cfm?doid=1357054.1357247},
year = {2008}
}
