Automatically generated by Mendeley Desktop 1.17.8
Any changes to this file will be lost if it is regenerated by Mendeley.

BibTeX export options can be customized via Preferences -> BibTeX in Mendeley Desktop

@article{Gaver1999a,
author = {Gaver, B and Dunne, T and Pacenti, E},
file = {:Users/dong/Documents/Mendeley/Gaver, Dunne, Pacenti - 1999 - Design cultural probes.pdf:pdf},
journal = {interactions},
number = {february},
pages = {21--29},
title = {{Design: cultural probes}},
url = {http://dl.acm.org/citation.cfm?id=291235},
volume = {6},
year = {1999}
}
@book{corbin2014basics,
author = {Corbin, Juliet and Strauss, Anselm},
publisher = {Sage publications},
title = {{Basics of qualitative research: Techniques and procedures for developing grounded theory}},
year = {2014}
}
