Automatically generated by Mendeley Desktop 1.17.6
Any changes to this file will be lost if it is regenerated by Mendeley.

BibTeX export options can be customized via Preferences -> BibTeX in Mendeley Desktop

@inproceedings{Tan2014a,
author = {Tan, Chek Tien and Leong, Tuck Wah and Shen, Songjia},
booktitle = {Proceedings of the 32nd annual ACM conference on Human factors in computing systems - CHI '14},
doi = {10.1145/2556288.2557326},
file = {:Users/dong/Documents/Mendeley/Tan, Leong, Shen - 2014 - Combining think-aloud and physiological data to understand video game experiences.pdf:pdf},
isbn = {9781450324731},
pages = {381--390},
title = {{Combining think-aloud and physiological data to understand video game experiences}},
url = {http://dl.acm.org/citation.cfm?doid=2556288.2557326},
year = {2014}
}
